<record><leader>00000cas a2200000 a 4500</leader><controlfield tag="001">10030932</controlfield><controlfield tag="008">831018d185u1863laudr ne      0    0eng d</controlfield><datafield ind1=" " ind2=" " tag="010"><subfield code="a">sn 83026412 </subfield></datafield><datafield ind1=" " ind2=" " tag="040"><subfield code="a">NPV</subfield><subfield code="b">eng</subfield><subfield code="c">NPV</subfield><subfield code="d">NPY</subfield><subfield code="d">NPU</subfield><subfield code="d">NPA</subfield><subfield code="d">NPX</subfield><subfield code="d">PPM</subfield><subfield code="d">MSJ</subfield><subfield code="d">LNP</subfield><subfield code="d">YOX</subfield><subfield code="d">NVF</subfield><subfield code="d">CNK</subfield><subfield code="d">MGN</subfield><subfield code="d">OCL</subfield><subfield code="d">OCLCQ</subfield><subfield code="d">OCLCF</subfield><subfield code="d">DLC</subfield></datafield><datafield ind1=" " ind2=" " tag="042"><subfield code="a">msc</subfield></datafield><datafield ind1=" " ind2=" " tag="043"><subfield code="a">n-us-la</subfield></datafield><datafield ind1=" " ind2=" " tag="045"><subfield code="a">w5w-</subfield></datafield><datafield ind1="0" ind2="0" tag="050"><subfield code="a">Newspaper</subfield></datafield><datafield ind1=" " ind2=" " tag="052"><subfield code="a">4014</subfield><subfield code="b">N5</subfield></datafield><datafield ind1="0" ind2=" " tag="130"><subfield code="a">Evening delta (New Orleans, La. : 1852)</subfield></datafield><datafield ind1="1" ind2="4" tag="245"><subfield code="a">The evening delta.</subfield></datafield><datafield ind1="3" ind2="0" tag="246"><subfield code="a">New Orleans evening delta</subfield></datafield><datafield ind1=" " ind2=" " tag="260"><subfield code="a">New Orleans [La. :</subfield><subfield code="b">s.n.]</subfield></datafield><datafield ind1=" " ind2=" " tag="300"><subfield code="a">v. ;</subfield><subfield code="c">42-58 cm.</subfield></datafield><datafield ind1=" " ind2=" " tag="310"><subfield code="a">Daily</subfield></datafield><datafield ind1="1" ind2=" " tag="362"><subfield code="a">Ceased in 1863? Cf. Capers, G.M. Occupied city: New Orleans under the Federals, 1862-1865.</subfield></datafield><datafield ind1=" " ind2=" " tag="500"><subfield code="a">Published as: New Orleans evening delta Nov. 28, 1854 and Apr. 8, 1856.</subfield></datafield><datafield ind1=" " ind2=" " tag="515"><subfield code="a">Lacks enumeration.</subfield></datafield><datafield ind1=" " ind2=" " tag="588"><subfield code="a">Description based on: July 13, 1852.</subfield></datafield><datafield ind1=" " ind2="0" tag="651"><subfield code="a">New Orleans (La.)</subfield><subfield code="v">Newspapers.</subfield></datafield><datafield ind1=" " ind2="7" tag="651"><subfield code="a">Louisiana</subfield><subfield code="z">New Orleans.</subfield><subfield code="2">fast</subfield><subfield code="0">(OCoLC)fst01204311</subfield></datafield><datafield ind1=" " ind2="7" tag="655"><subfield code="a">Newspapers.</subfield><subfield code="2">fast</subfield><subfield code="0">(OCoLC)fst01423814</subfield></datafield><datafield ind1=" " ind2=" " tag="752"><subfield code="a">United States</subfield><subfield code="b">Louisiana</subfield><subfield code="c">Orleans</subfield><subfield code="d">New Orleans.</subfield></datafield><datafield ind1="0" ind2=" " tag="775"><subfield code="t">New Orleans weekly delta (New Orleans, La. : 1846)</subfield><subfield code="w">(DLC)sn 82015769</subfield></datafield><datafield ind1="0" ind2=" " tag="775"><subfield code="t">Weekly delta (New Orleans, La. : 1857)</subfield><subfield code="w">(DLC)sn 83026409</subfield></datafield><datafield ind1="0" ind2=" " tag="775"><subfield code="t">Sunday delta (New Orleans, La. : 1855)</subfield><subfield code="w">(DLC)sn 83016491</subfield></datafield><datafield ind1="0" ind2=" " tag="775"><subfield code="t">Daily delta (New Orleans, La. : 1845)</subfield><subfield code="w">(DLC)sn 82015774</subfield></datafield><datafield ind1="0" ind2=" " tag="775"><subfield code="t">New Orleans daily delta</subfield><subfield code="w">(DLC)sn 82015770</subfield></datafield><datafield ind1="0" ind2=" " tag="775"><subfield code="t">Daily delta (New Orleans, La. : 1857)</subfield><subfield code="w">(DLC)sn 86053714</subfield></datafield><datafield ind1="0" ind2="0" tag="785"><subfield code="t">Era (New Orleans, La. : 1863 : Evening)</subfield><subfield code="w">(DLC)sn 86053715</subfield></datafield><datafield ind1="1" ind2=" " tag="029"><subfield code="a">AU@</subfield><subfield code="b">000020226480</subfield></datafield></record>